@inproceedings{tape,
author = {Rao, Roshan and Bhattacharya, Nicholas and Thomas, Neil and Duan, Yan and Chen, Xi and Canny, John and Abbeel, Pieter and Song, Yun S},
title = {Evaluating Protein Transfer Learning with TAPE},
booktitle = {Advances in Neural Information Processing Systems},
year = {2019}
}

@article{scope,
  title={SCOPe: Structural Classification of Proteinsâ€”extended, integrating SCOP and ASTRAL data and classification of new structures},
  author={Fox, Naomi K and Brenner, Steven E and Chandonia, John-Marc},
  journal={Nucleic acids research},
  volume={42},
  number={D1},
  pages={D304--D309},
  year={2013},
  publisher={Oxford University Press}
}

@article{stability,
  title={Global analysis of protein folding using massively parallel design, synthesis, and testing},
  author={Rocklin, Gabriel J and Chidyausiku, Tamuka M and Goreshnik, Inna and Ford, Alex and Houliston, Scott and Lemak, Alexander and Carter, Lauren and Ravichandran, Rashmi and Mulligan, Vikram K and Chevalier, Aaron and others},
  journal={Science},
  volume={357},
  number={6347},
  pages={168--175},
  year={2017},
  publisher={American Association for the Advancement of Science}
}
https://medium.com/datadriveninvestor/neural-networks-explained-6e21c70d7818
https://mc.ai/artificial-neural-networks-explained/
